@Manual{Adl13,
    title = {rgl: 3D visualization device system (OpenGL)},
    author = {Daniel Adler and Duncan Murdoch},
    year = {2013},
    note = {R package version 0.93.935},
    url = {http://CRAN.R-project.org/package=rgl},
}

@Manual{Bec13,
    title = {RFirefox},
    author = {Gabriel Becker and Duncan {Temple Lang}},
    year = {2013},
    url = {https://github.com/gmbecker/RFirefox}
}

@InProceedings{Ble11,
    title = {animatoR: Dynamic Graphics in R},
    author = {Andrej Blejec},
    year = {2011},
    institution = {National Institute of Biology, Slovenia},
    booktitle = {useR! 2011 Conference},
    url = {http://web.warwick.ac.uk/statsdept/user2011/TalkSlides/Contributed/16Aug_1600_FocusII_3-Visual_1-Blejec.pdf}
}

@Manual{Bos13,
    author = {Mike Bostock},
    title = {{D3}: Data Driven Documents},
    year = {2013},
    note = "Version 3.1.10.",
    url = {http://d3js.org/}
}

@Manual{CSS11,
    author = {W3C {CSS Working Group}},
    title = {{C}ascading {S}tyle {S}heets {L}evel 2 {R}evision 1 ({CSS} 2.1) {S}pecification},
    year = {2011},
    url = {http://www.w3.org/TR/CSS2/}
}

@TechReport{CSSSel11,
    author = {{W3C CSS Working Group}},
    title = {Selectors Level 3},
    year = {2011},
    type = "{W3C} Recommendation",
    url = {http://www.w3.org/TR/css3-selectors/}
}

@TechReport{CSSTr13,
    author = {{W3C CSS Working Group}},
    title = {CSS Transitions},
    year = {2013},
    type = "{W3C} Working Draft",
    url = {http://www.w3.org/TR/css3-transitions/}
}

@Book{Coo07,
    author = {Dianne Cook and Deborah F. Swayne},
    title = {Interactive and Dynamic Graphics for Data Analysis},
    publisher = {Springer New York},
    year = {2007},
    isbn = {978-0-387-71761-6}
}

@TechReport{DOM04,
  author      = {{W3C Web Applications Working Group}},
  title       = "Document Object Model ({DOM}) Level 3 Core Specification",
  url         = "http://www.w3.org/TR/DOM-Level-3-Core/",
  year        = "2004",
  type        = "{W3C} Recommendation",
  institution = "W3C",
}

@Manual{Hor12,
	title = {rApache: Web application development with R and Apache.},
	author = {Jeffrey Horner},
	year = {2012},
	url = {http://www.rapache.net/},
}

@Manual{Hor13,
    title = {Rook: Rook - a web server interface for R},
    author = {Jeffrey Horner},
    year = {2013},
    note = {R package version 1.0-9},
    url = {http://CRAN.R-project.org/package=Rook}
}

@Manual{Ima13,
    title = {ImageMagick: Convert, Edit, and Compose Images},
    author = {{ImageMagick Studio LLC}},
    year = {2013},
    url = {http://www.imagemagick.org/}
}

@Manual{JSO13,
    title = {JSON: JavaScript Object Notation},
    author = {Douglas Crockford},
    year = {2006},
    url = {http://json.org/}
}

@article{Lan12,
  author =	{Deborah Nolan and Duncan {Temple Lang}},
  title =	"Interactive and Animated Scalable Vector Graphics and R Data Displays",
  journal =	"Journal of Statistical Software",
  volume =	"46",
  number =	"1",
  pages =	"1--88",
  day =  	"25",
  month =	"1",
  year = 	"2012",
  CODEN =	"JSSOBK",
  ISSN = 	"1548-7660",
  bibdate =	"2011-09-19",
  URL =  	"http://www.jstatsoft.org/v46/i01",
  accepted =	"2011-09-19",
  acknowledgement = "",
  keywords =	"",
  submitted =	"2010-01-06",
}

@Manual{Lan13,
    title = {{XML: Tools for parsing and generating XML within R and S-Plus}},
    author = {Duncan {Temple Lang} and Deborah Nolan},
    year = {2011},
    url = {http://CRAN.R-project.org/package=XML},
    note = {R package version 3.96-1.1}
}

@Manual{Lan13b,
    title = {RJSONIO: Serialize R objects to JSON, JavaScript Object Notation},
    author = {Duncan {Temple Lang}},
    year = {2013},
    note = {R package version 1.0-3},
    url = {http://CRAN.R-project.org/package=RJSONIO}
}

@Manual{Lew12,
    title = {websockets: HTML 5 Websocket Interface for R},
    author = {B. W. Lewis and Jeffrey Horner},
    year = {2012},
    note = {R package version 1.1.7},
    url = {http://CRAN.R-project.org/package=websockets},
}

@Inbook{Mur11,
    author = {Paul Murrell},
    title = {R Graphics, Second Edition},
    chapter = {The grid Graphics Model},
    series = {Chapman \& Hall/CRC The R Series},
    year = {2011},
    publisher = {CRC Press},
    pages = {173-225},
    isbn = {978-1-4398-3176-2},
    doi = {10.1201/b10966-1},
    url = {http://www.stat.auckland.ac.nz/~paul/RG2e/}
}

@TechReport{Mur12,
    author = {Paul Murrell},
    title = {Writing grid Extensions},
    institution = {University of Auckland},
    year = {2012},
    url = {http://www.stat.auckland.ac.nz/~paul/Reports/CustomGrobs/custom-grob.html}
}

@Manual{Mur13,
    title = {gridSVG: Export grid graphics as SVG},
    author = {Paul Murrell and Simon Potter},
    year = {2013},
    note = {R package version 1.2-0},
    url = {http://r-forge.r-project.org/projects/gridsvg/}
}

@TechReport{MurLabels13,
    author = {Paul Murrell and Simon Potter},
    title = {Generating Structured and Labelled SVG},
    url = {http://www.stat.auckland.ac.nz/~paul/Reports/labels/labels.html},
    year = {2013},
    institution = {University of Auckland}
}

@TechReport{MurPot12,
    title = {Generating Animation Sequence Descriptions},
    author = {Paul Murrell and Simon Potter},
    institution = {The University of Auckland},
    address = {Auckland, New Zealand},
    year = {2012},
    url = {http://stattech.wordpress.fos.auckland.ac.nz/2012-11-generating-animation-sequence-descriptions/},
}

@TechReport{Pot12,
    title = {Introducing the selectr Package},
    author = {Simon Potter},
    institution = {The University of Auckland},
    address = {Auckland, New Zealand},
    year = {2012},
    url = {http://stattech.wordpress.fos.auckland.ac.nz/2012-10-introducing-the-selectr-package/},
}

@Manual{Pot13,
    title = {TimingManager},
    author = {Simon Potter},
    year = {2013},
    note = {Version 0.1},
    url = {http://sjp.co.nz/projects/timing-manager/},
}

@Manual{R13,
    title = {R: A Language and Environment for Statistical Computing},
    author = {{R Development Core Team}},
    organization = {R Foundation for Statistical Computing},
    address = {Vienna, Austria},
    year = {2013},
    note = {{ISBN} 3-900051-07-0},
    url = {http://www.R-project.org/}
}

@article{RJournal:2012-2:Murrell,
  author = {Paul Murrell},
  title = {{What's in a Name?}},
  journal = {The R Journal},
  year = 2012,
  volume = 4,
  number = 2,
  pages = {5--12},
  month = {December},
  url = {http://journal.r-project.org/archive/2012-2/RJournal_2012-2_Murrell.pdf}
}

@article{RJournal:2012-2:Murrell2,
  author = {Paul Murrell},
  title = {{It's Not What You Draw,\\It's What You Don't Draw}},
  journal = {The R Journal},
  year = 2012,
  volume = 4,
  number = 2,
  pages = {13--18},
  month = {December},
  url = {http://journal.r-project.org/archive/2012-2/RJournal_2012-2_Murrell2.pdf}
}

@Manual{RSt13,
    title = {shiny: Web Application Framework for R},
    author = {{RStudio}, {Inc.}},
    year = {2013},
    note = {R package version 0.5.0},
    url = {http://www.rstudio.com/shiny},
}

@Manual{Rei13a,
    title = {rHighcharts: An R wrapper for Highcharts JS},
    author = {Thomas Reinholdsson},
    year = {2013},
    note = {R package version 1.0},
    url = {https://github.com/metagraf/rHighcharts/}
}

@Manual{Rei13b,
    title = {rVega: An R wrapper for Vega},
    author = {Thomas Reinholdsson},
    year = {2013},
    note = {R package version 0.1},
    url = {https://github.com/metagraf/rVega/}
}

@Manual{Sap13,
    author = {Simon Sapin and Ian Bicking},
    title = {{cssselect}},
    year = {2013},
    note = {Version 0.8.0},
    url = {https://pypi.python.org/pypi/cssselect}
}

@TechReport{SMIL11,
    author = {{W3C SYYM Working Group}},
    title = {SMIL Animation},
    year = {2001},
    type = {{W3C} Recommendation},
    institution = "W3C",
    url = {http://www.w3.org/TR/smil-animation/}
}

@TechReport{SVG11,
    author = {{W3C SVG Working Group}},
    title = {Scalable {V}ector {G}raphics ({SVG}) 1.1 ({S}econd {E}dition)},
    year = {2011},
    type = {{W3C} Recommendation},
    institution = "W3C",
    url = {http://www.w3.org/TR/SVG/}
}

@Book{Sar08,
    title = {{L}attice: {M}ultivariate {D}ata {V}isualization with {R}},
    author = {Deepayan Sarkar},
    publisher = {Springer},
    address = {New York},
    year = {2008},
    note = {ISBN 978-0-387-75968-5},
    url = {http://lmdvr.r-forge.r-project.org},
}

@book{The08,
   author = {Martin Theus and Simon Urbanek},
   title = {Interactive Graphics for Data Analysis: Principles and Examples (Computer Science and Data Analysis)},
  year = {2008},
  isbn = {1584885947, 9781584885948},
  publisher = {Chapman \& Hall/CRC},
}

@Manual{Tur13,
    title = {{rserve-php}},
    author = {Cl\'{e}ment Turbelin},
    year = {2013},
    url = {https://code.google.com/p/rserve-php/}
}

@Manual{Urb13a,
    title = {FastRWeb: Fast Interactive Framework for Web Scripting Using R},
    author = {Simon Urbanek and Jeffrey Horner},
    year = {2013},
    note = {R package version 1.1-0},
    url = {http://www.rforge.net/FastRWeb/}
}

@InProceedings{Urb13b,
    title = {Rserve: A Fast Way to Provide R Functionality to Applications},
    author = {Simon Urbanek},
    year = {2003},
    booktitle = "Directions in Statistical Computing",
    note = {R package version 1.7-0}
}

@Manual{Urb13c,
    title = {{REngine}},
    author = {Simon Urbanek},
    year = {2013},
    url = {http://www.rforge.net/Rserve/}
}

@Manual{Vai13a,
    title = {rCharts: Interactive Charts using Polycharts.js},
    author = {Ramnath Vaidyanathan and Thomas Reinholdsson},
    year = {2013},
    note = {R package version 0.3.0},
    url = {https://github.com/ramnathv/rCharts/}
}

@Manual{Vai13b,
    title = {rNVD3: Interactive Charts from R using NVD3.js},
    author = {Ramnath Vaidyanathan},
    year = {2013},
    note = {R package version 0.0.1},
    url = {https://github.com/ramnathv/rNVD3/}
}

@Book{Wic09,
    author = {Hadley Wickham},
    title = {ggplot2: {E}legant {G}raphics for {D}ata {A}nalysis},
    publisher = {Springer New York},
    year = {2009},
    isbn = {978-0-387-98140-6},
    url = {http://had.co.nz/ggplot2/book},
}

@Manual{Wild13,
    title = {vit: Visual Inference Tools},
    author = {Chris Wild and Garrett Grolemund and Simon Potter and Ben Stevenson},
    year = {2013},
    note = {R package version 0.1.0},
    url = {http://www.stat.auckland.ac.nz/~wild/VIT/}
}

@TechReport{XML08,
  author      = {{W3C XML Working Group}},
  title       = "Extensible Markup Language ({XML}) 1.0 ({F}ifth {E}dition)",
  url         = {http://www.w3.org/TR/XML/},
  year        = "2008",
  type        = "{W3C} Recommendation",
  institution = "W3C",
}

@TechReport{XPL99,
  author      = {{W3C XSL and XML Linking Working Groups}},
  title       = "{XML} Path Language ({XPath}) Version 1.0",
  note        = "http://www.w3.org/TR/xpath/",
  year        = "1999",
  type        = "{W3C} Recommendation",
  institution = "W3C",
}

@article{Xie12,
  author = "Yihui Xie",
  title = "animation: An R Package for Creating Animations and Demonstrating Statistical Methods",
  journal = "Journal of Statistical Software",
  volume = "53",
  number = "1",
  pages = "1--27",
  year = "2013",
  CODEN = "JSSOBK",
  ISSN = "1548-7660",
  bibdate = "2012-07-02",
  URL = "http://www.jstatsoft.org/v53/i01",
  accepted = "2012-07-02",
  acknowledgement = "",
  keywords = "",
  submitted = "2011-02-12",
}

@Manual{burstcore,
    title = {burst-core},
    author = {Rick Waldron},
    year = {2010},
    url = {https://github.com/rwldrn/burst-core}
}

@Manual{ffm13,
    title = {FFmpeg},
    author = {{FFmpeg Team}},
    year = {2013},
    url = {http://ffmpeg.org},
}

@Manual{jQu13,
    author = {{The jQuery Foundation}},
    title = {{jQuery: Write Less, Do More}},
    year = {2013},
    note = "Version 2.0.2",
    url = {http://jquery.com/}
}

@Manual{libxml2,
    author = {Daniel Veillard},
    title = {{The XML C parser and toolkit of Gnome}},
    year = {2012},
    note = "Version 2.9.0",
    url = {http://www.xmlsoft.org/}
}

@Manual{noderio13,
    title = {{node-rio}},
    author = {Alberto Santini},
    year = {2013},
    url = {https://github.com/albertosantini/node-rio/},
    note = {Version 0.8.1.}
}

@Manual{popcornjs,
    title = {Popcorn.js},
    author = {{Mozilla Foundation}},
    year = {2013},
    url = {http://popcornjs.org/}
}

@Manual{pyr13,
    title = {{pyRserve}},
    author = {Ralph Heinkel},
    year = {2013},
    url = {https://pypi.python.org/pypi/pyRserve/},
    note = {Version 0.7.0.}
}

@Manual{rnode13,
    title = {{R-Node}},
    author = {Jamie Love},
    year = {2013},
    url = {http://squirelove.net/r-node/},
    note = {Version 0.2.0.}
}

@Manual{timeline,
    title = {Timeline.js},
    author = {Marcin Ignac},
    year = {2001},
    url = {http://marcinignac.com/blog/timeline-js/}
}
